<?xml version="1.0" encoding="UTF-8"?><collection xmlns="http://www.loc.gov/MARC21/slim"><record><leader>00326nam--2200121-i-4500</leader><controlfield tag="001">000004679</controlfield><controlfield tag="002">20161230</controlfield><controlfield tag="005">20161230201026</controlfield><controlfield tag="008">060222s1000------------r-----000-0-eng-d</controlfield><datafield ind1=" " ind2=" " tag="100"><subfield code="a">Barkhausen, H</subfield></datafield><datafield ind1=" " ind2=" " tag="245"><subfield code="a">Lehrbuch der elektronenrohren und ihrer tech nischen anwendungen</subfield></datafield><datafield ind1=" " ind2=" " tag="260"><subfield code="a">Leipzig, S.Hirzel, 1951-1954</subfield></datafield><datafield ind1=" " ind2=" " tag="852"><subfield code="a">3667</subfield></datafield></record></collection>